@Misc{2016data,
howpublished = {\url{https://www.rita.dot.gov/bts/press_releases/bts013_17}},
title = {2016 Annual and December U.S. Airline Traffic Data},
author = {U.S. Department of Transportation}
}

@Misc{2017delay,
howpublished = {\url{http://milecards.com/2017-summer-flight-delay-study}},
title = {2017 Summer Flight Delay Study: Best And Worst Airports Ranked},
author = {MileCards.com}
}

@Misc{airconsumer,
howpublished = {\url{https://cms.dot.gov/sites/dot.gov/files/docs/resources/individuals/aviation-consumer-protection/271216/2017februaryatcr.pdf}},
title = {Avaition Consumer Protection},
author = {U.S. Department of Transportation}
}

@Misc{byTheNumbers,
howpublished = {\url{https://www.faa.gov/air_traffic/by_the_numbers/}},
title = {Air Traffic By The Numbers},
author = {Federal Aviation Administration}
}

@Misc{causes,
howpublished = {\url{https://www.bts.gov/explore-topics-and-geography/topics/airline-time-performance-and-causes-flight-delays}},
title = {Airline On-Time Performance and Causes of Flight Delays},
author = {U.S. Department of Transportation}
}

@Misc{Corrected,
howpublished = {\url{https://www.rita.dot.gov/bts/press_releases/bts017_17}},
title = {Corrected 2016 Traffic Data for U.S Airlines and Foreign Airlines U.S. Flights},
author = {U.S. Department of Transportation}
}


@Misc{FAA_A_F,
howpublished = {\url{https://www.faa.gov/data_research/aviation/aerospace_forecasts/media/FY2017-37_FAA_Aerospace_Forecast.pdf}},
title = {FAA Aerospace Forecast},
author = {Federal Aviation Administration}
}

@Misc{PTFF2016,
howpublished = {\url{https://www.rita.dot.gov/bts/sites/rita.dot.gov.bts/files/PTFF\%202016_full.pdf}},
title = {Passenger Travel Facts and Figures 2016},
author = {U.S. Department of Transportation}
}

@Misc{PTTF2015,
howpublished = {\url{https://www.rita.dot.gov/bts/sites/rita.dot.gov.bts/files/PTFF_Complete.pdf}},
title = {Passenger Travel Facts and Figures 2016},
author = {U.S. Department of Transportation}
}

@Misc{AnnualReport2016,
howpublished = {\url{https://www.rita.dot.gov/bts/sites/rita.dot.gov.bts/files/TSAR_2016_rev.pdf}},
title = {Transportation Statistics Annual Report 2016},
author = {U.S. Department of Transportation}
}
